@article{schwartzbach,
  title={Lecture notes on static analysis},
  author={Schwartzbach, Michael I},
  journal={Basic Research in Computer Science, University of Aarhus, Denmark},
  year={2008}
}
